<record><leader>00000cas a22000007a 4500</leader><controlfield tag="001">11061861</controlfield><controlfield tag="008">840816d187318uukyuwr ne      0    0eng d</controlfield><datafield ind1=" " ind2=" " tag="010"><subfield code="a">sn 84037819 </subfield></datafield><datafield ind1=" " ind2=" " tag="040"><subfield code="a">AQM</subfield><subfield code="b">eng</subfield><subfield code="c">AQM</subfield><subfield code="d">NPX</subfield><subfield code="d">KNP</subfield><subfield code="d">MGN</subfield><subfield code="d">OCLCQ</subfield></datafield><datafield ind1=" " ind2=" " tag="042"><subfield code="a">msc</subfield></datafield><datafield ind1="0" ind2="0" tag="245"><subfield code="a">McLean County progress.</subfield></datafield><datafield ind1="1" ind2="3" tag="246"><subfield code="a">McLean progress</subfield></datafield><datafield ind1=" " ind2=" " tag="260"><subfield code="a">Calhoon [i.e. Calhoun], M'Lean County, Ky. :</subfield><subfield code="b">W.B. Noe &amp; W.C. Walter</subfield></datafield><datafield ind1=" " ind2=" " tag="300"><subfield code="a">v.</subfield></datafield><datafield ind1=" " ind2=" " tag="310"><subfield code="a">Weekly</subfield></datafield><datafield ind1="1" ind2=" " tag="362"><subfield code="a">Began in 1873.</subfield></datafield><datafield ind1=" " ind2=" " tag="500"><subfield code="a">"County" appears above title ornament in small type.</subfield></datafield><datafield ind1=" " ind2=" " tag="500"><subfield code="a">Publishers: Noe &amp; Walter, &lt;1874-1875&gt;; Wm. C. Walter, &lt;1876&gt;; John F. Heafer, &lt;1877&gt;.</subfield></datafield><datafield ind1=" " ind2=" " tag="500"><subfield code="a">Editors: William C. Walter, &lt;1876&gt;; John F. Heafer, &lt;1877&gt;.</subfield></datafield><datafield ind1=" " ind2=" " tag="588"><subfield code="a">Description based on: Vol. 2, no. 6 (Sept. 16, 1874).</subfield></datafield><datafield ind1=" " ind2="4" tag="651"><subfield code="a">Calhoun (Ky.)</subfield><subfield code="v">Newspapers.</subfield></datafield><datafield ind1=" " ind2="4" tag="651"><subfield code="a">McLean County (Ky.)</subfield><subfield code="v">Newspapers.</subfield></datafield><datafield ind1=" " ind2=" " tag="752"><subfield code="a">United States</subfield><subfield code="b">Kentucky</subfield><subfield code="c">McLean</subfield><subfield code="d">Calhoun.</subfield></datafield></record>